@inproceedings{kour2014real,
  title={Real-time segmentation of on-line handwritten arabic script},
  author={Kour, George and Saabne, Raid},
  booktitle={Frontiers in Handwriting Recognition (ICFHR), 2014 14th International Conference on},
  pages={417--422},
  year={2014},
  organization={IEEE}
}

@inproceedings{kour2014fast,
  title={Fast classification of handwritten on-line Arabic characters},
  author={Kour, George and Saabne, Raid},
  booktitle={Soft Computing and Pattern Recognition (SoCPaR), 2014 6th International Conference of},
  pages={312--318},
  year={2014},
  organization={IEEE},
  doi={10.1109/SOCPAR.2014.7008025}
}

@inproceedings{keshet2016prediction,
  title={Prediction-Based, Prioritized Market-Share Insight Extraction},
  author={Keshet, Renato and Maor, Alina and Kour, George},
  booktitle={Advanced Data Mining and Applications: 12th International Conference, ADMA 2016, Gold Coast, QLD, Australia, December 12-15, 2016, Proceedings 12},
  pages={81--94},
  year={2016},
  organization={Springer}
}

@misc{rfc5280,
    series =    {Request for Comments},
    number =    5280,
    howpublished =  {RFC 5280},
    publisher = {RFC Editor},
    doi =       {10.17487/RFC5280},
    url =       {https://www.rfc-editor.org/info/rfc5280},
        author =    {Sharon Boeyen and Stefan Santesson and Tim Polk and Russ Housley and Stephen Farrell and David Cooper},
    title =     {{Internet X.509 Public Key Infrastructure Certificate and Certificate Revocation List (CRL) Profile}},
    pagetotal = 151,
    year =      2008,
    month =     may,
    abstract =  {This memo profiles the X.509 v3 certificate and X.509 v2 certificate revocation list (CRL) for use in the Internet. An overview of this approach and model is provided as an introduction. The X.509 v3 certificate format is described in detail, with additional information regarding the format and semantics of Internet name forms. Standard certificate extensions are described and two Internet-specific extensions are defined. A set of required certificate extensions is specified. The X.509 v2 CRL format is described in detail along with standard and Internet-specific extensions. An algorithm for X.509 certification path validation is described. An ASN.1 module and examples are provided in the appendices. {[}STANDARDS-TRACK{]}},
}

@misc{oqsOpenSSL,
author = {{Open Quantum Safe Project}},
title = {Open Quantum Safe OpenSSL},
howpublished = {\url{https://github.com/open-quantum-safe/openssl}},
note = {Accessed: \today}
}